@book{koza92,
		author    = "Koza, John R.",
		title     = "Genetic Programming: On the Programming of Computers by Means of Natural Selection",
		publisher = "MIT Press",
		year      = "1992"
}

@book{vicen,
		author    = "Vicenç Fernández Alarcón",
		title     = "Desarrollo de Sistemas de Información. Una Metodologa Basada En El Modelado",
		publisher = "Univ. Politèc. de Catalunya",
		year      = "2006"
}

@misc{ excel,
       author = "Moisés Ortíz",
       title = "Excel Total",
       year = "2019",
       url = "https://exceltotal.com/que-es-excel/"
}     



@misc{sqlite,
       author = "Wikipedia",
       title = "SQLite --- Wikipedia{,} La enciclopedia libre",
       year = "2019",
       url = "https://es.wikipedia.org/wiki/SQLite"
}   


@misc{texmaker,
       author = "Wikipedia",
       title = "Texmaker --- Wikipedia{,} La enciclopedia libre",
       year = "2018",
       url = " https://es.wikipedia.org/wiki/Texmaker"
} 

@misc{ wiki:latex,
       author = "Wikipedia",
       title = "LaTeX --- Wikipedia{,} La enciclopedia libre",
       year = "2015",
       url = "https://es.wikipedia.org/w/index.php?title=LaTeX&oldid=84209252",
       note = "[Internet; descargado 30-septiembre-2015]"
}


@article{bortolot2005,
  title={Estimating forest biomass using small footprint LiDAR data: An individual tree-based approach that incorporates training data},
  author={Bortolot, Zachary J and Wynne, Randolph H},
  journal={ISPRS Journal of Photogrammetry and Remote Sensing},
  volume={59},
  number={6},
  pages={342--360},
  year={2005},
  publisher={Elsevier}
}

