@book{koza92,
		author    = "Koza, John R.",
		title     = "Genetic Programming: On the Programming of Computers by Means of Natural Selection",
		publisher = "MIT Press",
		year      = "1992"
}


@misc{ wiki:latex,
       author = "Wikipedia",
       title = "LaTeX --- Wikipedia{,} La enciclopedia libre",
       year = "2015",
       url = "https://es.wikipedia.org/w/index.php?title=LaTeX&oldid=84209252",
       note = "[Internet; descargado 30-septiembre-2015]"
}

@misc{python,
       author = "Wikipedia",
       title = "Python Software Foundation License --- Wikipedia{,} La enciclopedia libre",
       year = "2019",
       url = "https://en.wikipedia.org/wiki/Python_Software_Foundation_License",
       note = ""
}

@book{tkinter,
		author    = "Alvarez Alejandro",
		title     = "Guia Tkinter Documentation",
		publisher = "Publicaci√≥n 0.1.1",
		year      = "2016",
		note = ""
}

@misc{gnu,
       author = "Wikipedia",
       title = "GNU General Public License --- Wikipedia{,} La enciclopedia libre",
       year = "2019",
       url = "https://en.wikipedia.org/wiki/GNU_General_Public_License",
       note = ""
}