
@book{vicen,
		author    = "Vicenç Fernández Alarcón",
		title     = "Desarrollo de Sistemas de Información. Una Metodologa Basada En El Modelado",
		publisher = "Univ. Politèc. de Catalunya",
		year      = "2006",
		note = ""
}

@book{estrategia,
		author    = "Andreu R, Ricart JE, Valor J",
		title     = "Estrategia y sistemas de información",
		publisher = "McGraw-Hill",
		year      = "1991",
		note = ""
}

@book{trabajos,
		author    = "Rafael Lapiedra Alcamí, Carlos Devece Carañana, Joaquín Guiral Herrando",
		title     = "Introducción a la gestión de sistemas de información en la empresa",
		publisher = "Publicacions de la Universitat Jaume I",
		year      = "2018",
		note = ""
}


@book{effy,
		author    = "Effy Oz",
		title     = "ADMINISTRACIÓN DE LOS SISTEMAS DE INFORMACIÓN",
		publisher = "CENGAGE Learning",
		year      = "2008",
		note = ""
}

@misc{ excel,
       author = "Moisés Ortíz",
       title = "Excel Total",
       year = "2019",
       url = "https://exceltotal.com/que-es-excel/",
       note = ""
}     

@misc{sqlite,
       author = "Wikipedia",
       title = "SQLite --- Wikipedia{,} La enciclopedia libre",
       year = "2019",
       url = "https://es.wikipedia.org/wiki/SQLite",
       note = ""
}   


@misc{texmaker,
       author = "Wikipedia",
       title = "Texmaker --- Wikipedia{,} La enciclopedia libre",
       year = "2018",
       url = " https://es.wikipedia.org/wiki/Texmaker",
       note = ""
} 


@misc{ latex,
       author = "Wikipedia",
       title = "LaTeX --- Wikipedia{,} La enciclopedia libre",
       year = "2015",
       url = "https://es.wikipedia.org/w/index.php?title=LaTeX&oldid=84209252",
       note = "[Internet; descargado 30-septiembre-2015]"
}

@book{koza92,
		author    = "Koza, John R.",
		title     = "Genetic Programming: On the Programming of Computers by Means of Natural Selection",
		publisher = "MIT Press",
		year      = "1992"
}


@article{bortolot2005,
  title={Estimating forest biomass using small footprint LiDAR data: An individual tree-based approach that incorporates training data},
  author={Bortolot, Zachary J and Wynne, Randolph H},
  journal={ISPRS Journal of Photogrammetry and Remote Sensing},
  volume={59},
  number={6},
  pages={342--360},
  year={2005},
  publisher={Elsevier}
}

@misc{ ventajas,
       author = "Julia Máxima Uriarte",
       title = "10 Características de un Sistema de Información",
       year = "2019",
       url = "https://www.caracteristicas.co/sistema-de-informacion/",
       note = ""
}     



@misc{ ine,
       author = "Instituto Nacional de Estadistica",
       title = "Tipos de Gráficos",
       year = "2019",
       url = "https://www.ine.es/explica/docs/pasos_tipos_graficos.pdf",
       note = ""
} 

@misc{ tipos,
       author = "Kyocera",
       title = "Los 6 principales tipos de sistemas de información",
       year = "2017",
       url = "https://smarterworkspaces.kyocera.es/blog/los-6-principales-tipos-sistemas-informacion/",
       note = ""
} 
@misc{ caracteristicas,
       author = "",
       title = "Características de los Sistemas de Información",
       year = "2019",
       url = "https://www.caracteristicass.de/sistemas-de-informacion/",
       note = ""
} 
@misc{ ejecutiva,
       author = "Wikipedia",
       title = "Sistemas de información ejecutiva --- Wikipedia{,} La enciclopedia libre",
       year = "2019",
       url = "https://es.wikipedia.org/wiki/Sistemas_de_informaci%C3%B3n_ejecutiva",
       note = ""
} 
   